@article{altman2011,
  doi = {10.1136/bmj.d2090},
  url = {https://doi.org/10.1136/bmj.d2090},
  year = {2011},
  month = jul,
  publisher = {{BMJ}},
  volume = {343},
  number = {aug08 1},
  pages = {d2090--d2090},
  author = {D G Altman and J M Bland},
  title = {How to obtain the confidence interval from a P value},
  journal = {{BMJ}}
}

@article{elkins2022,
  doi = {10.1016/j.jphys.2021.12.001},
  url = {https://doi.org/10.1016/j.jphys.2021.12.001},
  year = {2022},
  month = jan,
  publisher = {Elsevier {BV}},
  volume = {68},
  number = {1},
  pages = {1-4},
  author = {M R Elkins and R Z Pinto and A Verhagen and M Grygorowicz and Anne Soderlund and M Guemann and A Gomez-Conesa and S Blanton and J M Brismee and C Ardern and S Agarwal and A Jette and S Karstens and M Harms and G Verheyden and U Sheikh},
  title = {Statistical inference through estimation: recommendations from the International Society of Physiotherapy Journal Editors},
  journal = {Journal of Physiotherapy}
}

@article{sainani2020,
  doi = {10.1136/bjsports-2020-102607},
  url = {https://doi.org/10.1136/bjsports-2020-102607},
  year = {2020},
  month = aug,
  publisher = {{BMJ}},
  volume = {55},
  number = {2},
  pages = {118--122},
  author = {Kristin L Sainani and David N Borg and Aaron R Caldwell and Michael L Butson and Matthew S Tenan and Andrew J Vickers and Andrew D Vigotsky and John Warmenhoven and Robert Nguyen and Keith R Lohse and Emma J Knight and Norma Bargary},
  title = {Call to increase statistical collaboration in sports science,  sport and exercise medicine and sports physiotherapy},
  journal = {British Journal of Sports Medicine}
}

@article{rafi2020,
  doi = {10.1186/s12874-020-01105-9},
  url = {https://doi.org/10.1186/s12874-020-01105-9},
  year = {2020},
  month = sep,
  publisher = {Springer Science and Business Media {LLC}},
  volume = {20},
  number = {1},
  author = {Zad Rafi and Sander Greenland},
  title = {Semantic and cognitive tools to aid statistical science: replace confidence and significance by compatibility and surprise},
  journal = {{BMC} Medical Research Methodology}
}

@article{hoekstra2014,
  doi = {10.3758/s13423-013-0572-3},
  url = {https://doi.org/10.3758/s13423-013-0572-3},
  year = {2014},
  month = jan,
  publisher = {Springer Science and Business Media {LLC}},
  volume = {21},
  number = {5},
  pages = {1157--1164},
  author = {Rink Hoekstra and Richard D. Morey and Jeffrey N Rouder and Eric-Jan Wagenmakers},
  title = {Robust misinterpretation of confidence intervals},
  journal = {Psychonomic Bulletin {\&} Review}
}

@article{morey2015,
  doi = {10.3758/s13423-015-0947-8},
  url = {https://doi.org/10.3758/s13423-015-0947-8},
  year = {2015},
  month = oct,
  publisher = {Springer Science and Business Media {LLC}},
  volume = {23},
  number = {1},
  pages = {103--123},
  author = {Richard D Morey and Rink Hoekstra and Jeffrey N Rouder and Michael D Lee and Eric-Jan Wagenmakers},
  title = {The fallacy of placing confidence in confidence intervals},
  journal = {Psychonomic Bulletin {\&} Review}
}

@article{caldwell2019,
  doi = {10.1080/23328940.2019.1624131},
  url = {https://doi.org/10.1080/23328940.2019.1624131},
  year = {2019},
  month = jun,
  publisher = {Informa {UK} Limited},
  volume = {6},
  number = {3},
  pages = {181--210},
  author = {Aaron R Caldwell and Samuel N Cheuvront},
  title = {Basic statistical considerations for physiology: The journal Temperature toolbox},
  journal = {Temperature}
}

@article{mazzolari2022,
  doi = {10.1113/ep090171},
  url = {https://doi.org/10.1113/ep090171},
  year = {2022},
  month = jan,
  publisher = {Wiley},
  author = {Raffaele Mazzolari and Simone Porcelli and David J Bishop and Daniël Lakens},
  title = {Myths and Methodologies: The use of equivalence and non-inferiority tests for interventional studies in exercise physiology and sport science},
  journal = {Experimental Physiology}
}

@article{cochrane6,
  title={Choosing effect measures and computing estimates of effect},
  author={Higgins, Julian PT and Li, Tianjing and Deeks, Jonathan J},
  journal={Cochrane handbook for systematic reviews of interventions},
  pages={143--176},
  year={2019},
  publisher={Wiley Online Library},
  url = {https://training.cochrane.org/handbook/current/chapter-06}
}

@article{altman2003,
  doi = {10.1136/bmj.326.7382.219},
  url = {https://doi.org/10.1136/bmj.326.7382.219},
  year = {2003},
  month = jan,
  publisher = {{BMJ}},
  volume = {326},
  number = {7382},
  pages = {219--219},
  author = {D G Altman},
  title = {Statistics Notes: Interaction revisited: the difference between two estimates},
  journal = {{BMJ}}
}

@article{tenan2020,
  doi = {10.4085/1062-6050-0368.20},
  url = {https://doi.org/10.4085/1062-6050-0368.20},
  year = {2020},
  month = nov,
  publisher = {Journal of Athletic Training/{NATA}},
  volume = {56},
  number = {9},
  pages = {1042--1049},
  author = {Matthew S Tenan and Janet E Simon and Richard J Robins and Ian Lee and Andrew J Sheean and Jonathan F Dickens},
  title = {Anchored Minimal Clinically Important Difference Metrics: Considerations for Bias and Regression to the Mean},
  journal = {Journal of Athletic Training}
}

@article{ferreira2018,
  doi = {10.1016/j.jphys.2018.07.008},
  url = {https://doi.org/10.1016/j.jphys.2018.07.008},
  year = {2018},
  month = oct,
  publisher = {Elsevier {BV}},
  volume = {64},
  number = {4},
  pages = {272--274},
  author = {Manuela Ferreira},
  title = {Research Note: The smallest worthwhile effect of a health intervention},
  journal = {Journal of Physiotherapy}
}

@article{senn2005dichotomania,
  title={Dichotomania: an obsessive compulsive disorder that is badly affecting the quality of analysis of pharmaceutical trials},
  author={Senn, Stephen},
  journal={Proceedings of the International Statistical Institute, 55th Session, Sydney},
  year={2005},
  publisher={ISI The Hague, The Netherlands},
  url = {https://www.isi-web.org/isi.cbs.nl/iamamember/CD6-Sydney2005/ISI2005_Papers/398.pdf}
}

@article{mayo2021,
  doi = {10.1111/cobi.13861},
  url = {https://doi.org/10.1111/cobi.13861},
  year = {2021},
  month = dec,
  publisher = {Wiley},
  author = {Deborah G Mayo},
  title = {The statistics wars and intellectual conflicts of interest},
  journal = {Conservation Biology}
}

@article{lindley,
  doi = {10.1093/biomet/44.1-2.187},
  url = {https://doi.org/10.1093/biomet/44.1-2.187},
  year = {1957},
  publisher = {Oxford University Press ({OUP})},
  volume = {44},
  number = {1-2},
  pages = {187--192},
  author = {D V Lindley},
  title = {A Statistical Paradox},
  journal = {Biometrika}
}

@article{lakens2018,
  doi = {10.1177/2515245918770963},
  url = {https://doi.org/10.1177/2515245918770963},
  year = {2018},
  month = jun,
  publisher = {{SAGE} Publications},
  volume = {1},
  number = {2},
  pages = {259--269},
  author = {Daniël Lakens and Anne M Scheel and Peder M Isager},
  title = {Equivalence Testing for Psychological Research: A Tutorial},
  journal = {Advances in Methods and Practices in Psychological Science}
}

@article{campbell2018,
  doi = {10.1371/journal.pone.0195145},
  url = {https://doi.org/10.1371/journal.pone.0195145},
  year = {2018},
  month = apr,
  publisher = {Public Library of Science ({PLoS})},
  volume = {13},
  number = {4},
  pages = {e0195145},
  author = {Harlan Campbell and Paul Gustafson},
  editor = {Daniele Marinazzo},
  title = {Conditional equivalence testing: An alternative remedy for publication bias},
  journal = {{PLOS} {ONE}}
}

@article{rouder2009bayesian,
  title={Bayesian t tests for accepting and rejecting the null hypothesis},
  author={Jeffrey N Rouder  and Paul L Speckman  and D Sun and Richard D Morey  and Geoffrey Iverson},
  journal={Psychonomic bulletin \& review},
  volume={16},
  number={2},
  pages={225--237},
  year={2009},
  publisher={Springer}
}

@article{vigex,
author = {Deyle, Gail D and Allen, Chris S and Allison, Stephen C and Gill, Norman W and Hando, Benjamin R and Petersen, Evan J and Dusenberry, Douglas I and Rhon, Daniel I},
title = {Physical Therapy versus Glucocorticoid Injection for Osteoarthritis of the Knee},
journal = {New England Journal of Medicine},
volume = {382},
number = {15},
pages = {1420-1429},
year = {2020},
doi = {10.1056/NEJMoa1905877},
note ={PMID: 32268027},
URL = {https://doi.org/10.1056/NEJMoa1905877},
eprint = {https://doi.org/10.1056/NEJMoa1905877}

}


@article{maier2022,
  title     = "Justify your alpha: A primer on two practical approaches",
  author    = "Maier, Maximilian and Lakens, Dani{\"e}l",
  journal   = "Advances in Methods and Practices in Psychological Science",
  publisher = "SAGE Publications",
  volume    =  5,
  number    =  2,
  pages     = "251524592210803",
  month     =  apr,
  year      =  2022,
  language  = "en",
  doi = {10.1177/25152459221080396},
  url = {https://doi.org/10.1177/25152459221080396}
}

@article{boos,
  title={P-value precision and reproducibility},
  author={Boos, Dennis D and Stefanski, Leonard A},
  journal={The American Statistician},
  volume={65},
  number={4},
  pages={213--221},
  year={2011},
  publisher={Taylor \& Francis},
  url = {https://doi.org/10.1198/tas.2011.10129},
  doi = {10.1198/tas.2011.10129}
}

 @article{elkinsres, title={Correspondence: Response to Lakens}, volume={68}, url={http://dx.doi.org/10.1016/j.jphys.2022.06.003}, DOI={10.1016/j.jphys.2022.06.003}, number={3}, journal={Journal of Physiotherapy}, publisher={Elsevier BV}, author={Elkins, M R and Pinto, R Z and Verhagen, A and Grygorowicz, M and Soderlund, A and Guemann, M and Gomez-Conesa, A and Blanton, S and Brismee, J M and Agarwal, S and Jette, A and Harms, M and Verheyden, G and Sheikh, U}, year={2022}, month={Jul}, pages={214}, language={en} } 
 
 @article{lakensres, title={Correspondence: Reward, but do not yet require, interval hypothesis tests}, volume={68}, url={http://dx.doi.org/10.1016/j.jphys.2022.06.004}, DOI={10.1016/j.jphys.2022.06.004}, number={3}, journal={Journal of Physiotherapy}, publisher={Elsevier BV}, author={Lakens, Daniël}, year={2022}, month={Jul}, pages={213–214}, language={en} } 