
@article{Galica2009,
	title = {Subsensory vibrations to the feet reduce gait variability in elderly fallers},
	author = {Galica, Andrew M. and Kang, Hyun Gu and Priplata, Attila A. and {D{\textquoteright}Andrea}, Susan E. and Starobinets, Olga V. and Sorond, Farzaneh A. and Cupples, L. Adrienne and Lipsitz, Lewis A.},
	year = {2009},
	month = {10},
	date = {2009-10},
	journal = {Gait & Posture},
	pages = {383--387},
	volume = {30},
	number = {3},
	doi = {10.1016/j.gaitpost.2009.07.005},
	url = {http://dx.doi.org/10.1016/j.gaitpost.2009.07.005},
	langid = {en}
}

@article{Lipsitz2015,
	title = {A Shoe Insole Delivering Subsensory Vibratory Noise Improves Balance and Gait in Healthy Elderly People},
	author = {Lipsitz, Lewis A. and Lough, Matthew and Niemi, James and Travison, Thomas and Howlett, Harold and Manor, Brad},
	year = {2015},
	month = {03},
	date = {2015-03},
	journal = {Archives of Physical Medicine and Rehabilitation},
	pages = {432--439},
	volume = {96},
	number = {3},
	doi = {10.1016/j.apmr.2014.10.004},
	url = {http://dx.doi.org/10.1016/j.apmr.2014.10.004},
	langid = {en}
}

@article{magalhães2011,
	title = {Vibratory noise to the fingertip enhances balance improvement associated with light touch},
	author = {Magalhaes, Fernando Henrique and Kohn, {André Fabio}},
	year = {2011},
	month = {12},
	date = {2010-12-30},
	journal = {Experimental Brain Research},
	pages = {139--151},
	volume = {209},
	number = {1},
	doi = {10.1007/s00221-010-2529-3},
	url = {http://dx.doi.org/10.1007/s00221-010-2529-3},
	langid = {en}
}

@article{Priplata2002,
	title = {Noise-Enhanced Human Balance Control},
	author = {Priplata, Attila and Niemi, James and Salen, Martin and Harry, Jason and Lipsitz, Lewis A. and Collins, J. J.},
	year = {2002},
	month = {11},
	date = {2002-11-13},
	journal = {Physical Review Letters},
	volume = {89},
	number = {23},
	doi = {10.1103/physrevlett.89.238101},
	url = {http://dx.doi.org/10.1103/PhysRevLett.89.238101},
	langid = {en}
}

@article{Collins2003,
	title = {Noise-enhanced human sensorimotor function},
	author = {Collins, J.J. and Priplata, A.A. and Gravelle, D.C. and Niemi, J. and Harry, J. and Lipsitz, L.A.},
	year = {2003},
	month = {03},
	date = {2003-03},
	journal = {IEEE Engineering in Medicine and Biology Magazine},
	pages = {76--83},
	volume = {22},
	number = {2},
	doi = {10.1109/memb.2003.1195700},
	url = {http://dx.doi.org/10.1109/memb.2003.1195700},
	langid = {en}
}

@article{Manjarrez2002,
	title = {Stochastic resonance in human electroencephalographic activity elicited by mechanical tactile stimuli},
	author = {Manjarrez, E. and {Diez-Mart{\i}\'nez}, O. and {Méndez}, I. and Flores, A.},
	year = {2002},
	month = {05},
	date = {2002-05},
	journal = {Neuroscience Letters},
	pages = {213--216},
	volume = {324},
	number = {3},
	doi = {10.1016/s0304-3940(02)00212-4},
	url = {http://dx.doi.org/10.1016/s0304-3940(02)00212-4},
	langid = {en}
}

@article{Moss2003,
	title = {Balancing the unbalanced},
	author = {Moss, Frank and Milton, John G.},
	year = {2003},
	month = {10},
	date = {2003-10},
	journal = {Nature},
	pages = {911--912},
	volume = {425},
	number = {6961},
	doi = {10.1038/425911a},
	url = {http://dx.doi.org/10.1038/425911a},
	langid = {en}
}

@article{benzi1981,
	title = {The mechanism of stochastic resonance},
	author = {Benzi, R and Sutera, A and Vulpiani, A},
	year = {1981},
	month = {11},
	date = {1981-11-01},
	journal = {Journal of Physics A: Mathematical and General},
	pages = {L453--L457},
	volume = {14},
	number = {11},
	doi = {10.1088/0305-4470/14/11/006},
	url = {http://dx.doi.org/10.1088/0305-4470/14/11/006}
}

@article{gammaitoni1998,
	title = {Stochastic resonance},
	author = {Gammaitoni, Luca and {Hänggi}, Peter and Jung, Peter and Marchesoni, Fabio},
	year = {1998},
	month = {01},
	date = {1998-01-01},
	journal = {Reviews of Modern Physics},
	pages = {223--287},
	volume = {70},
	number = {1},
	doi = {10.1103/revmodphys.70.223},
	url = {http://dx.doi.org/10.1103/revmodphys.70.223},
	langid = {en}
}

@article{McDonnell2009,
	title = {What Is Stochastic Resonance? Definitions, Misconceptions, Debates, and Its Relevance to Biology},
	author = {McDonnell, Mark D. and Abbott, Derek},
	editor = {Friston, Karl J.},
	year = {2009},
	month = {05},
	date = {2009-05-29},
	journal = {PLoS Computational Biology},
	pages = {e1000348},
	volume = {5},
	number = {5},
	doi = {10.1371/journal.pcbi.1000348},
	url = {http://dx.doi.org/10.1371/journal.pcbi.1000348},
	langid = {en}
}

@article{Bezrukov1995,
	title = {Noise-induced enhancement of signal transduction across voltage-dependent ion channels},
	author = {Bezrukov, Sergey M. and Vodyanoy, Igor},
	year = {1995},
	month = {11},
	date = {1995-11-01},
	journal = {Nature},
	pages = {362--364},
	volume = {378},
	number = {6555},
	doi = {10.1038/378362a0},
	url = {http://dx.doi.org/10.1038/378362a0},
	langid = {en}
}

@article{Moss2004,
	title = {Stochastic resonance and sensory information processing: a tutorial and review of application},
	author = {Moss, F},
	year = {2004},
	month = {02},
	date = {2004-02},
	journal = {Clinical Neurophysiology},
	pages = {267--281},
	volume = {115},
	number = {2},
	doi = {10.1016/j.clinph.2003.09.014},
	url = {http://dx.doi.org/10.1016/j.clinph.2003.09.014},
	langid = {en}
}

@article{Priplata2006,
	title = {Noise-enhanced balance control in patients with diabetes and patients with stroke},
	author = {Priplata, Attila A. and Patritti, Benjamin L. and Niemi, James B. and Hughes, Richard and Gravelle, Denise C. and Lipsitz, Lewis A. and Veves, Aristidis and Stein, Joel and Bonato, Paolo and Collins, James J.},
	year = {2005},
	date = {2005},
	journal = {Annals of Neurology},
	pages = {4--12},
	volume = {59},
	number = {1},
	doi = {10.1002/ana.20670},
	url = {http://dx.doi.org/10.1002/ana.20670},
	langid = {en}
}

@article{Hur2014,
	title = {Investigating the Role of Vibrotactile Noise in Early Response to Perturbation},
	author = {Pilwon Hur,  and Yao-Hung Wan,  and Na Jin Seo, },
	year = {2014},
	month = {06},
	date = {2014-06},
	journal = {IEEE Transactions on Biomedical Engineering},
	pages = {1628--1633},
	volume = {61},
	number = {6},
	doi = {10.1109/tbme.2013.2294672},
	url = {http://dx.doi.org/10.1109/TBME.2013.2294672}
}

@article{Lakshminarayanan2015,
	title = {Application of vibration to wrist and hand skin affects fingertip tactile sensation},
	author = {Lakshminarayanan, Kishor and Lauer, Abigail W. and Ramakrishnan, Viswanathan and Webster, John G. and Seo, Na Jin},
	year = {2015},
	month = {07},
	date = {2015-07},
	journal = {Physiological Reports},
	pages = {e12465},
	volume = {3},
	number = {7},
	doi = {10.14814/phy2.12465},
	url = {http://dx.doi.org/10.14814/phy2.12465},
	langid = {en}
}

@article{Simeonov2011,
	title = {Postural stability effects of random vibration at the feet of construction workers in simulated elevation},
	author = {Simeonov, P. and Hsiao, H. and Powers, J. and Ammons, D. and Kau, T. and Amendola, A.},
	year = {2011},
	month = {07},
	date = {2011-07},
	journal = {Applied Ergonomics},
	pages = {672--681},
	volume = {42},
	number = {5},
	doi = {10.1016/j.apergo.2010.10.002},
	url = {http://dx.doi.org/10.1016/j.apergo.2010.10.002},
	langid = {en}
}

@article{Mendez-Balbuena2012,
	title = {Improved Sensorimotor Performance via Stochastic Resonance},
	author = {Mendez-Balbuena, I. and Manjarrez, E. and Schulte-Monting, J. and Huethe, F. and Tapia, J. A. and Hepp-Reymond, M.-C. and Kristeva, R.},
	year = {2012},
	month = {09},
	date = {2012-09-05},
	journal = {Journal of Neuroscience},
	pages = {12612--12618},
	volume = {32},
	number = {36},
	doi = {10.1523/jneurosci.0680-12.2012},
	url = {http://dx.doi.org/10.1523/JNEUROSCI.0680-12.2012},
	langid = {en}
}

@article{Trenado2014,
	title = {Broad-band Gaussian noise is most effective in improving motor performance and is most pleasant},
	author = {Trenado, Carlos and {Mikuli{\'{c}}}, Areh and Manjarrez, Elias and Mendez-Balbuena, Ignacio and {Schulte-Mönting}, {Jürgen} and Huethe, Frank and Hepp-Reymond, Marie-Claude and Kristeva, Rumyana},
	year = {2014},
	date = {2014},
	journal = {Frontiers in Human Neuroscience},
	volume = {8},
	doi = {10.3389/fnhum.2014.00022},
	url = {http://dx.doi.org/10.3389/fnhum.2014.00022}
}

@article{Peng2018,
	title = {Hip position and sex differences in motor unit firing patterns of the vastus medialis and vastus medialis oblique in healthy individuals},
	author = {Peng, Yi-Ling and Tenan, Matthew S. and Griffin, Lisa},
	year = {2018},
	month = {06},
	date = {2018-06-01},
	journal = {Journal of Applied Physiology},
	pages = {1438--1446},
	volume = {124},
	number = {6},
	doi = {10.1152/japplphysiol.00702.2017},
	url = {http://dx.doi.org/10.1152/japplphysiol.00702.2017},
	langid = {en}
}

@article{Tenan2016,
	title = {Maximal force and tremor changes across the menstrual cycle},
	author = {Tenan, Matthew S. and Hackney, Anthony C. and Griffin, Lisa},
	year = {2015},
	month = {09},
	date = {2015-09-13},
	journal = {European Journal of Applied Physiology},
	pages = {153--160},
	volume = {116},
	number = {1},
	doi = {10.1007/s00421-015-3258-x},
	url = {http://dx.doi.org/10.1007/s00421-015-3258-x},
	langid = {en}
}

@article{dunnett1955,
	title = {A Multiple Comparison Procedure for Comparing Several Treatments with a Control},
	author = {Dunnett, Charles W.},
	year = {1955},
	month = {12},
	date = {1955-12},
	journal = {Journal of the American Statistical Association},
	pages = {1096--1121},
	volume = {50},
	number = {272},
	doi = {10.1080/01621459.1955.10501294},
	url = {http://dx.doi.org/10.1080/01621459.1955.10501294},
	langid = {en}
}

@article{cort2011,
	title = {Maximum isometric finger pull forces},
	author = {Cort, Joel A. and Potvin, Jim R.},
	year = {2011},
	month = {03},
	date = {2011-03},
	journal = {International Journal of Industrial Ergonomics},
	pages = {91--95},
	volume = {41},
	number = {2},
	doi = {10.1016/j.ergon.2010.12.008},
	url = {http://dx.doi.org/10.1016/j.ergon.2010.12.008},
	langid = {en}
}

@article{Tenan2019,
	title = {The effect of imperceptible Gaussian tendon vibration on the Hoffmann reflex},
	author = {Tenan, Matthew S. and Tweedell, Andrew J. and Haynes, Courtney A. and Passaro, Antony D.},
	year = {2019},
	month = {07},
	date = {2019-07},
	journal = {Neuroscience Letters},
	pages = {123--127},
	volume = {706},
	doi = {10.1016/j.neulet.2019.05.018},
	url = {http://dx.doi.org/10.1016/j.neulet.2019.05.018},
	langid = {en}
}

@article{Mulavara2015,
	title = {Using low levels of stochastic vestibular stimulation to improve locomotor stability},
	author = {Mulavara, Ajitkumar P. and Kofman, Igor S. and De Dios, Yiri E. and Miller, Chris and Peters, Brian T. and Goel, Rahul and Galvan-Garza, Raquel and Bloomberg, Jacob J.},
	year = {2015},
	month = {08},
	date = {2015-08-24},
	journal = {Frontiers in Systems Neuroscience},
	volume = {9},
	doi = {10.3389/fnsys.2015.00117},
	url = {http://dx.doi.org/10.3389/fnsys.2015.00117}
}

@article{Goel2015,
	title = {Using Low Levels of Stochastic Vestibular Stimulation to Improve Balance Function},
	author = {Goel, Rahul and Kofman, Igor and Jeevarajan, Jerome and De Dios, Yiri and Cohen, Helen S. and Bloomberg, Jacob J. and Mulavara, Ajitkumar P.},
	editor = {Chacron, Maurice J.},
	year = {2015},
	month = {08},
	date = {2015-08-21},
	journal = {PLOS ONE},
	pages = {e0136335},
	volume = {10},
	number = {8},
	doi = {10.1371/journal.pone.0136335},
	url = {http://dx.doi.org/10.1371/journal.pone.0136335},
	langid = {en}
}

@article{purves2001,
	title = {Mechanoreceptors Specialized to Receive Tactile Information},
	author = {Purves, Dale and Augustine, George J. and Fitzpatrick, David and Katz, Lawrence C. and LaMantia, Anthony-Samuel and McNamara, James O. and Williams, S. Mark},
	year = {2001},
	date = {2001},
	journal = {Neuroscience. 2nd edition},
	url = {https://www.ncbi.nlm.nih.gov/books/NBK10895/},
	note = {Publisher: Sinauer Associates},
	langid = {en}
}
